@Misc{LHCphoto,
      title        = "{GENEVA, SWITZERLAND-SEPTEMBER 2014. Components of the CERN particle accelerator located underground.}",
      howpublished = "{\url{https://stock.adobe.com/jp/images/geneva-switzerland-september-2014-components-of-the-cern-particle-accelerator-located-
      underground/397291550}}",
      note = "{(Accessed on 01/23/2024)}",
}

@Misc{HL-LHCsimulation,
      author  = {University of Liverpool},
      title        = "{Liverpool physicist to lead international programme}",
      howpublished = "{\url{https://news.liverpool.ac.uk/2011/03/14/liverpool-physicist-to-lead-international-programme/}}",
      note = "{(Accessed on 01/23/2024)}",
}

@MastersThesis{Kita_Master,
    author = "{北 彩友海}",
    title = "{高位置・時間分解能を併せ持つ半導体飛跡検出器 {AC-LGAD}の電極細密化に向けた研究開発}",
    type = "{修士論文}",
    school = "{筑波大学}",
    year = "{2023}",
}

@misc{kita2023development,
      title={Development of {AC-LGAD} detector with finer pitch electrodes for high energy physics experiments}, 
      author={Sayuka Kita and Koji Nakamura and Tomoka Imamura and Ikumi Goya and Kazuhiko Hara},
      year={2023},
      eprint={2305.12355},
      archivePrefix={arXiv},
      primaryClass={physics.ins-det}
}

@article{Kita_2023,
   title={Optimization of capacitively coupled Low Gain Avalanche Diode {AC-LGAD} sensors for precise time and spatial resolution},
   volume={1048},
   ISSN={0168-9002},
   url={http://dx.doi.org/10.1016/j.nima.2022.168009},
   DOI={10.1016/j.nima.2022.168009},
   journal={Nuclear Instruments and Methods in Physics Research Section A: Accelerators, Spectrometers, Detectors and Associated Equipment},
   publisher={Elsevier BV},
   author={Kita, Sayuka and Nakamura, Koji and Ueda, Tatsuki and Goya, Ikumi and Hara, Kazuhiko},
   year={2023},
   month=mar, pages={168009} }

@article{Yang_2020,
   title={Layout and performance of HPK prototype LGAD sensors for the High-Granularity Timing Detector},
   volume={980},
   ISSN={0168-9002},
   url={http://dx.doi.org/10.1016/j.nima.2020.164379},
   DOI={10.1016/j.nima.2020.164379},
   journal={Nuclear Instruments and Methods in Physics Research Section A: Accelerators, Spectrometers, Detectors and Associated Equipment},
   publisher={Elsevier BV},
   author={Yang, X. et al.},
   year={2020},
   month=nov, pages={164379} }

@book{sze2012semiconductor,
  author={Sze, S.M.},
  title={Semiconductor Devices: Physics and Technology},
  isbn={9780470873670},
  year={2012},
  publisher={産業図書株式会社}
}

@article{1363388845924852224,
  author="R.J., McIntyre",
  title="Multiplication noise in uniform avalanche diodes",
  journal="IEEE Transactions on Electron Devices",
  ISSN="0018-9383",
  publisher="Institute of Electrical and Electronics Engineers (IEEE)",
  year="1966",
  month="01",
  volume="ED-13",
  number="1",
  pages="164-168",
  DOI="10.1109/t-ed.1966.15651",
  URL="https://cir.nii.ac.jp/crid/1363388845924852224"
}

@Misc{KATANA10,
      author  = {NKT Photonics KATANA},
      howpublished = "\url{https://www.japanlaser.co.jp/nkt-photonics_onefive-katana/}",
}
